@article{ReferenceName,
	Abstract = {Severe acute respiratory syndrome coronavirus 2 (SARS-CoV-2) infects host cells through ACE2 receptors, leading to coronavirus disease (COVID-19)-related pneumonia, while also causing acute myocardial injury and chronic damage to the cardiovascular system. Therefore, particular attention should be given to cardiovascular protection during treatment for COVID-19.},
	Author = {Zheng, Ying-Ying and Ma, Yi-Tong and Zhang, Jin-Ying and Xie, Xiang},
	Da = {2020/05/01},
	Date-Added = {2020-05-14 13:47:37 -0700},
	Date-Modified = {2020-05-14 13:47:37 -0700},
	Doi = {10.1038/s41569-020-0360-5},
	Id = {Zheng2020},
	Isbn = {1759-5010},
	Journal = {Nature Reviews Cardiology},
	Number = {5},
	Pages = {259--260},
	Title = {COVID-19 and the cardiovascular system},
	Ty = {JOUR},
	Url = {https://doi.org/10.1038/s41569-020-0360-5},
	Volume = {17},
	Year = {2020},
	Bdsk-Url-1 = {https://doi.org/10.1038/s41569-020-0360-5}}

@online{
    src-github,
    author = "Gustavo Batistell",
    title = "EEL7323-Cpp",
    url  = "https://github.com/gustavobtt/EEL7323-Cpp",
}


@online {
    RP2040_Datasheet,
    author = "Raspberry Pi",
    title = "RP2040 Datasheet A microcontroller by Raspberry Pi",
    Date-Added = {2023-11-08 21:30},
    url = "https://datasheets.raspberrypi.com/rp2040/rp2040-datasheet.pdf"
}


@online {
    HMR3300_Datasheet,
    author = "Honeywell",
    title = "Digital Compass Solutions",
    Date-Added = {2023-11-13 14:51},
    url = "https://aerospace.honeywell.com/content/dam/aerobt/en/documents/learn/products/sensors/datasheet/N61-2047-000-000_Digital_Compass_Solutions_HMR3300-ds.pdf"
}

@online {
    StatePattern,
    author = "RefactoringGuru",
    title = "Design Patterns: State in C++",
    url = "https://refactoring.guru/design-patterns/state"
}


@online {
    Singleton,
    author = "RefactoringGuru",
    title = "Singleton Design Pattern",
    url = "https://refactoring.guru/design-patterns/singleton"
}

@online {
    Leon3,
    author = {Gaisler},
    title = "Singleton Design Pattern",
    url = "https://refactoring.guru/design-patterns/singleton"
}